<?xml version="1.0" encoding="UTF-8"?><collection xmlns="http://www.loc.gov/MARC21/slim"><record><leader>00365nam--2200133-i-4500</leader><controlfield tag="001">000032932</controlfield><controlfield tag="002">20161230</controlfield><controlfield tag="005">20161230201039</controlfield><controlfield tag="008">060222s1000------------r-----000-0-eng-d</controlfield><datafield ind1=" " ind2=" " tag="080"><subfield code="a">65</subfield></datafield><datafield ind1=" " ind2=" " tag="245"><subfield code="a">Metode de prognozare.sinteza redactata de dr.ec. ion anton</subfield></datafield><datafield ind1=" " ind2=" " tag="260"><subfield code="a">Bucuresti, Inid, 1985. 80p</subfield></datafield><datafield ind1=" " ind2=" " tag="490"><subfield code="a">Colectia Probleme Ale Conducerii Moderne</subfield></datafield><datafield ind1=" " ind2=" " tag="852"><subfield code="a">73361</subfield></datafield></record></collection>